@article{jackson2007,
author={Jackson, J.},
title={Microsoft Robotics Studio: a technical introduction},
journal={IEEE Robotics \& Automation Magazine},
year=2007,
pages={82--87},
volume=14,
number=4, 
}

@inproceedings{rivas2011,
author={Rivas, F. and Ca\~nas, J. and Gonz\'alez, J.},
title={Aprendizaje automático de modos de caminar para un robot humanoide},
booktitle={Proceedings of Robot 2011, III Workshop de Robótica: Robótica experimental}, 
pages={120-127},
year=2011,
month=nov,
address={Sevilla},
}

@incollection{martin2010,
author={Martín, F. and Agüero, C. and Cañas J.M. and Perdices, E.},
title={Humanoid soccer player design},
booktitle={Robot Soccer},
publisher={IN-TECH},
editor={Vladan Papic},
pages={67--100},
isbn={978-953-307-036-0},
year=2010,
}

@incollection{vaughan2007,
author= {Vaughan, Richard T. and Gerkey, Brian P.},
title= {Reusable Robot Software and the Player/Stage project},
booktitle= {Software Engineering for Experimental Robotics},
publisher= {Springer},
editor= {D. Brugali},
year= {2007},
pages={267--289},
isbn={978-3-540-68949-2},
address={Berlin / Heidelberg},
}

@InProceedings{morseICRA2011,
    author = {G. Echeverria and N. Lassabe and A. Degroote and S. Lemaignan},
    title = {Modular OpenRobots Simulation Engine: MORSE},
    booktitle = {Proceedings of the IEEE ICRA},
    year = {2011},
}

@inproceedings{koening2004,
author={Koening, N. and Howard, A.},
title={Design and Use paradigms for Gazebo, an open-source multi-robot simulator},
booktitle={Proceedings of 2004 IEEE/RSJ International Conference on Intelligent Robots and Systems},
address={Sendai, Japan},
year=2004,
}

@inproceedings{Laue2006,
author={Laue, T. and Spiess, K. and Röfer, T.},
title={SimRobot - A General Physical Robot Simulator and Its Application in RoboCup},
booktitle={In A. Bredenfeld, A. Jacoff, I. Noda, Y. Takahashi (Hrsg.), RoboCup 2005: Robot Soccer World Cup IX, Nr. 4020, S. 173--183, Lecture Notes in Artificial Intelligence. Springer},
year=2006,
}

@inproceedings{craighead07,
author={Craighead, Jeff and Murphy, Robin and Burke, Jenny and Goldiez, Brian},
title={ A survey of Commercial Open Source Unmanned Vehicle Simulators},
booktitle={Proceedings of the IEEE 2007 International Conference on Robotics and Automation, pp. 852-857},
year=2007,
}

@inproceedings{carpin07,
author={Carpin, S. and Lewis, M. and Wang, J. and Balarkirsky, S. and Scrapper, C.},
title={USARSim:a robot simulator for research and education},
booktitle={Proceedings of the IEEE 2007 International Conference on Robotics and Automation, pp. 1400-1405},
year=2007,
}

@inproceedings{Gerkey03,
author={Gerkey, Brian P. and Vaughan, Richard T. and Howard, Andrew},
title={The Player/Stage project: tools for multi-robot and distributed sensor systems},
booktitle={Proceedings of the 11th International Conference on Advanced Robotics
ICAR-2003, pp. 317-323},
year=2003,
address={Coimbra (Portugal)},
}
