@misc{directed03,
author={Directed Perception, Inc.},
title={{C}omputer {C}ontroller {P}an-{T}ilt {U}nit, {Model PTU-D46}, User's manual},
number={version 2.12},
year={2003}
}

@misc{sick02,
author={SICK AG},
title={{LMS200/LMS211/LMS220/LMS221/LMS291} {L}aser {M}easurement {S}ystems, Technical description},
number={8008970/01-2002},
year={2002}
}

@misc{sick03,
author={SICK AG},
title={{LMS/LMI400} {T}elegram {L}isting},
institution={SICK AG},
number={version 04.20},
}

@misc{activmedia03,
author={ActivMedia Robotics},
title={Pioneer 3 \& Pioneer 2 H8-series {O}perations {M}anual},
number={version 3},
year={2003}
}

@inproceedings{montemerlo03,
author={Montemerlo, Michael and Roy, Nicholas and Thrun, Sebastian},
title= {Perspectives on standardization in mobile robot programming: the Carnegie Mellon Navigation ({CARMEN}) toolkit},
booktitle= {Proceedings of the 2003 IEEE/RSJ International Conference on Intelligent Robots and Systems (IROS-03)},
year= {2003},
month=oct,
address={Las Vegas (USA)},
pages={2436--2441},
volume=3,
}

@inproceedings{gerkey03,
author={Gerkey, Brian P. and Vaughan, Richard T. and Howard, Andrew},
title= {The {P}layer/{S}tage project: tools for multi-robot and distributed sensor systems},
booktitle= {Proceedings of the 11th International Conference on Advanced Robotics ICAR'2003},
year= {2003},
pages={317--323},
month=jun,
address={Coimbra (Portugal)}
}


@incollection{martin04,
author= {Martín, Francisco and González-Careaga, Rafaela and Cañas, José M. and Matellán, Vicente},
title= {Programming model based on concurrent objects for the {AIBO} robot},
booktitle= {Proceedings of the XII Jornadas de Concurrencia y Sistemas Distribuidos},
year= {2004},
pages={367-379},
}

@misc{sony03,
author={Sony Corporation},
title={{OPEN-R} {SDK}, {P}rogrammer's guide},
number={20030201-E-003},
year={2003}
}


@misc{rwi99,
author={RWI, Real World Interface},
title={Mobility {R}obot {I}ntegration software, {U}ser's guide},
number={version 1.1},
institution={IS Robotics, Inc},
month=may,
year={1999}
}

@inproceedings{bruyninckx01,
author={Bruyninckx, Herman},
title= {Open Robot Control Software: the {OROCOS} project},
booktitle= {Proceedings of the 2001 IEEE/RSJ International Conference on Intelligent Robots and Systems (IROS-01)},
year= {2001},
address={Seoul (Korea)},
month=may,
pages={2523--2528},
volume=3,
}


@inproceedings{vaughan03,
author={Vaughan, Richard T. and Gerkey, Brian P. and Howard, Andrew},
title= {On device abstractions for portable, reusable robot code},
booktitle= {Proceedings of the 2003 IEEE/RSJ International Conference on Intelligent Robots 
and Systems (IROS-03)},
year= {2003},
address={Las Vegas (USA)},
month=oct,
pages={2121--2127},
volume=3,
}

@inproceedings{cote04,
author={Côté, Carle and Létourneau, Dominic and Michaud, François and Valin, Jean-Marc and Brosseau, Yannick and Raïevsky, Clément and Lemay, Mathieu and Tran, Victor},
title= {Code reusability tools for programming mobile robots},
booktitle= {Proceedings of the 2004 IEEE/RSJ International Conference on Intelligent Robots and Systems (IROS-04)},
year= {2004},
month=sep,
address={Sendai (Japan)}
}


@article{utz02,
author={Utz, Hans and Sablatnög, Stefan and Enderle, Stefan and Kraetzschmar, Gerhard},
title= {Miro -- Middleware for mobile robot applications},
journal = {IEEE Transactions on Robotics and Automation, Special Issue on Object-Oriented Distributed Control
Architectures}, 
year = 2002, 
month = {August}, 
volume = {18}, 
number = {4}, 
pages = {493-497} 
} 

@article{canas06,
author={Cañas, José M. and Matellán, Vicente and Montúfar, Rodrigo},
title= {Programación de robots móviles},
journal={Revista Iberoamericana de Automática e Informática Industrial},
volume=3,
number=2,
pages={99--110},
year=2006,
issn={1697-7912},
}


@incollection{canas02,
author= {Cañas, José M. and Matellán, Vicente},
title= {Dynamic schema hierarchies for an autonomous robot},
booktitle= {Advances in Artificial Intelligence - IBERAMIA 2002},
publisher= {Springer},
volume=2527,
series={Lecture notes in artificial intelligence},
editor= {Francisco J. Garijo, José C. Riquelme y Miguel Toro},
year= {2002},
pages={903-912},
}


@techreport{osullivan97,
author={O'Sullivan, Joseph and Haigh, Karen Zita and Armstrong, Greg D.},
title={Xavier's manual},
number={version 0.4},
institution={School of Computer Science, Carnegie Mellon University},
month=apr,
year={1997}
}

@techreport{simmons97b,
author={Simmons, Reid and Goodwin, Richard and Fedor, Christopher and Basista, Jeff},
title={Programmer's {G}uide to TCA},
number={version 8.0},
institution={School of Computer Science, Carnegie Mellon University},
month=may,
year={1997}
}

@misc{activmedia99,
author={ActivMedia Robotics},
title={Saphira operations and programming manual},
number={version 6.2},
month=aug,
year={1999}
}

@misc{activmedia02,
author={ActivMedia Robotics},
title={{ARIA} reference manual},
number={version 1.1.10},
month=nov,
year={2002}
}

@misc{rwi96,
author={Real World Interface, Inc.},
title={System software and RAI-1.2.2 documentation},
year={1996}
}

@misc{rwi94,
author={Real World Interface, Inc.},
title={B21 Robot System Manual},
year={1994}
}

@techreport{canas99,
author={Cañas, José M.},
title={Manual del robot móvil Hermes},
institution={Instituto de Automática Industrial (CSIC)},
month=jun,
year={1999}
}


@misc{zhao00,
author={Zhao, T. C and Overmars, Mark},
title={Forms {L}ibrary: a {G}raphical {U}ser {I}nterface {T}oolkit for X},
institution={http://world.std.com/~xforms/},
month=jun,
year={2000}
}

@phdthesis{canas03,
author={Cañas, José M.},
title={Jerarquía Dinámica de Esquemas para la generación de comportamiento autónomo},
school={Universidad Politécnica de Madrid},
year={2003},
}

@techreport{fedor94,
author={Fedor, Christopher},
title={TCX An interprocess communication system for building robotic architectures},
institution={Robotics Institute, Carnegie Mellon University},
month=jan,
year={1994}
}

@inproceedings{canas05c,
author={Cañas, J.M. and Martínez-de-la-casa, M. and Bustos, P. and Bachiller, P.},
title={Overt visual attention inside JDE control architecture},
booktitle={IROBOT workshop inside Portuguese Conference on Artifical Intelligence EPIA'2005. UBI Proceedings},
year={2005},
address={Covilha (Portugal)},
pages={226-229},
}

@inproceedings{canas06b,
author={Cañas, José M. and Díaz, Pedro M. and Barrera, Pablo and Gómez, Víctor M.},
title= {Visual memory for robot navigation using JDE architecture},
booktitle= {Proceedings of the 2003 IEEE/RSJ International Conference on Intelligent Robots and Systems (IROS-03)},
year= {2006},
address={Las Palmas de Gran Canaria (Spain)},
}

@inproceedings{canas05b,
author={Calvo, R. and Cañas, J.M. and García-Pérez, L.},
title={Person following behavior generated with JDE schema hierarchy},
booktitle={ICINCO 2nd Int. Conf. on Informatics in Control, Automation and Robotics},
year={2005},
address={Barcelona (Spain)},
pages={463-466},
}

@inproceedings{canas05a,
author={Cañas, J.M. and Isado, J.R. and García, L.},
title={Robot navigation combining the Gradient Method and VFF inside JDE architecture},
booktitle={Proceedings of VI Workshop de Agentes Físicos, WAF-2005, inside Congreso Nacional de Informática CEDI-2005},
year={2005},
address={Granada (Spain)},
pages={153-160},
}

@MastersThesis{santos07,
author = {José Antonio Santos Cadenas},
title = {Cálculo y aplicaciones del flujo óptico en tiempo real},
school = {Universidad Rey Juan Carlos},
year = {2007},
month = {Sep},
}
